@article{kahn1962,
  author  = {Kahn, Arthur B.},
  title   = {Topological sorting of large networks},
  journal = {Communications of the ACM},
  volume  = {5},
  number  = {11},
  year    = {1962},
  pages   = {558--562},
  publisher = {ACM},
  address = {New York, NY, USA},
}

@book{clrs,
  author    = {Cormen, Thomas H. and Leiserson, Charles E. and Rivest, Ronald L. and Stein, Clifford},
  title     = {Introduction to Algorithms},
  edition   = {3rd},
  year      = {2009},
  publisher = {The MIT Press},
  address   = {Cambridge, MA, USA},
}

@misc{GoSpec,
  author = {{The Go Authors}},
  title  = {The Go Programming Language Specification},
  year   = {2024},
  howpublished = {\url{https://go.dev/ref/spec}},
  note = {Accessed: June 7, 2025},
}

@book{donovan2015go,
  author    = {Donovan, Alan A. A. and Kernighan, Brian W.},
  title     = {The Go Programming Language},
  year      = {2015},
  publisher = {Addison-Wesley Professional},
  isbn      = {9780134190440},
}

@inproceedings{jergensen2011,
  author    = {Jergensen, Neil and Axelsen, Jacob},
  title     = {An Analysis of the State of Dependency Hell in the .NET Open Source Ecosystem},
  booktitle = {Proceedings of the 8th International Conference on Managed Languages and Runtimes},
  year      = {2011},
  series    = {MLR '11},
  pages     = {38--47},
  publisher = {ACM},
  address   = {New York, NY, USA},
}

@misc{graphviz,
  author       = {{The Graphviz Team}},
  title        = {{Graphviz - Graph Visualization Software}},
  year         = {2024},
  howpublished = {\url{https://graphviz.org/}},
  note         = {Acessado em: 7 de junho de 2025}
}
